% !TEX encoding = UTF-8 Unicode
@comment{x-kbibtex-encoding=utf-8}

@book{tanenbaum-moderne-betriebssysteme,
	address = {Hallbergmoos},
	author = {Tanenbaum, Andrew S.},
	edition = {4., aktualisierte Auflage},
	editor = {Bos, Herbert},
	isbn = {978-3-86894-270-5},
	publisher = {Pearson},
	series = {Always learning},
	size = {1285 Seiten : Illustrationen ; 24 cm x 17 cm},
	title = {Moderne Betriebssysteme},
	year = {2016}
}

@book{tanenbaum-the-minix-book,
	address = {Upper Saddle River, NJ},
	author = {Tanenbaum, Andrew S. and Woodhull, Albert S.},
	edition = {3. ed.},
	isbn = {978-0-13-142938-3; 0-13-142938-8; 0-13-142987-6},
	publisher = {Pearson Prentice-Hall},
	series = {The MINIX book},
	size = {XVII, 1054 S. : graph. Darst. ; 1 CD-ROM},
	title = {Operating systems : design and implementation},
	year = {2006}
}

@book{tanenbaum-modern-operating-systems,
	address = {Boston},
	author = {Tanenbaum, Andrew S. and Bos, Herbert},
	edition = {4. ed.},
	isbn = {978-013-359-162-0; 978-1-2920-6142-9; 0-13-359162-X},
	keywords = {Operating systems (Computers)},
	publisher = {Prentice Hall},
	size = {XXVI, 1101 S.},
	title = {Modern operating systems},
	year = {2015}
}

@misc{linux-is-obsolete,
	author = {Tanenbaum, Andrew S. and Torvalds, Linus and others},
	crossref = {"\url{https://groups.google.com/d/topic/comp.os.minix/wlhw16QWltI/discussion}"},
	howpublished = {"\url{https://groups.google.com/d/topic/comp.os.minix/wlhw16QWltI/discussion}"},
	month = jan,
	title = {LINUX is obsolete},
	year = {1992}
}

@book{silberschatz2009operating,
	address = {Hoboken, NJ},
	author = {Silberschatz, Abraham},
	isbn = {978-0470233993},
	publisher = {J. Wiley \& Sons},
	title = {Operating system concepts},
	year = {2009}
}

@book{madieu2017linux,
	address = {Birmingham, UK},
	author = {Madieu, John},
	isbn = {978-1-78528-000-9},
	publisher = {Packt Publishing},
	title = {Linux deivce drivers development : develop customized drivers for embedded Linux},
	year = {2017}
}

@book{bharadwaj2017mastering,
	address = {Birmingham, UK},
	author = {Bharadwaj, Raghu},
	isbn = {978-1-78588-305-7},
	publisher = {Packt Publishing},
	title = {Mastering Linux Kernel development : a kernel developer's reference manual},
	year = {2017}
}

@book{achilles2006betriebssysteme,
	address = {Berlin},
	author = {Achilles, Albrecht},
	isbn = {978-3540238058},
	publisher = {Springer},
	title = {Betriebssysteme : eine kompakte Einführung mit Linux},
	year = {2006}
}

@book{glatz2015betriebssysteme,
	address = {Heidelberg},
	author = {Glatz, Eduard},
	isbn = {978-3864902222},
	publisher = {Dpunkt},
	title = {Betriebssysteme : Grundlagen, Konzepte, Systemprogrammierung},
	year = {2015}
}

@book{holt2014embedded,
	address = {London},
	author = {Holt, Alan},
	isbn = {978-1-4471-6602-3},
	publisher = {Springer},
	title = {Embedded operating systems : a practical approach},
	year = {2014}
}

@book{corbet2005linux,
	address = {Beijing Sebastopol, CA},
	author = {Corbet, Jonathan},
	isbn = {0-596-00590-3},
	publisher = {O'Reilly},
	title = {Linux device drivers},
	year = {2005}
}

@book{brause2017betriebssysteme,
	address = {Berlin},
	author = {Brause, Rüdiger},
	isbn = {978-3-662-54099-2},
	publisher = {Springer Vieweg},
	title = {Betriebssysteme : Grundlagen und Konzepte},
	year = {2017}
}

@book{wolf2009c,
	address = {Bonn},
	author = {Wolf, Jürgen},
	isbn = {978-3-8362-1411-7},
	publisher = {Galileo Press},
	title = {C von A bis Z : das umfassende Handbuch ; [inkl. CD-ROM mit Openbooks und Referenzkarte mit wichtigen Befehlen},
	year = {2009}
}

@misc{why-linux-monolith,
	author = {Gooch, Richard E.},
	crossref = {"\url{http://vger.kernel.org/lkml/#s15-4}"},
	howpublished = {"\url{http://vger.kernel.org/lkml/#s15-4}"},
	month = oct,
	title = {Why is the Linux kernel monolithic? Why don't we rewrite it as a microkernel?},
	year = {2009}
}

@proceedings{lfd430,
	number = {v4.19},
	organization = {The Linux Foundation},
	publisher = {The Linux Foundation},
	title = {LFD430 Developing Linux Device Drivers},
	year = {2018}
}

